<record><leader>00000cas a22000007a 4500</leader><controlfield tag="001">10049161</controlfield><controlfield tag="008">831024d19uu1989arumr ne      0   a0eng d</controlfield><datafield ind1=" " ind2=" " tag="010"><subfield code="a">sn 83002911 </subfield></datafield><datafield ind1=" " ind2=" " tag="040"><subfield code="a">NSD</subfield><subfield code="b">eng</subfield><subfield code="c">NSD</subfield><subfield code="d">ANU</subfield><subfield code="d">OCLCQ</subfield><subfield code="d">OCLCF</subfield><subfield code="d">OCLCO</subfield></datafield><datafield ind1=" " ind2=" " tag="012"><subfield code="j">0</subfield></datafield><datafield ind1="0" ind2=" " tag="022"><subfield code="a">0746-4347</subfield><subfield code="l">0746-4347</subfield><subfield code="2">1</subfield></datafield><datafield ind1=" " ind2=" " tag="037"><subfield code="b">Arkansas State Employees Assn., 1311 W. 7th St., Little Rock, AR, 72203</subfield></datafield><datafield ind1=" " ind2=" " tag="042"><subfield code="a">nsdp</subfield></datafield><datafield ind1=" " ind2=" " tag="043"><subfield code="a">n-us-ar</subfield></datafield><datafield ind1="0" ind2=" " tag="210"><subfield code="a">News - Ark. State Empl. Assoc.</subfield></datafield><datafield ind1=" " ind2="0" tag="222"><subfield code="a">News - Arkansas State Employees Association</subfield></datafield><datafield ind1="0" ind2="0" tag="245"><subfield code="a">Arkansas State Employees Assn. news.</subfield></datafield><datafield ind1="3" ind2="0" tag="246"><subfield code="a">Arkansas State Employees Association news</subfield></datafield><datafield ind1="1" ind2="7" tag="246"><subfield code="a">A.S.E.A. news</subfield></datafield><datafield ind1=" " ind2=" " tag="260"><subfield code="a">Little Rock, AR :</subfield><subfield code="b">Arkansas State Employees Association</subfield></datafield><datafield ind1=" " ind2=" " tag="300"><subfield code="a">v.</subfield></datafield><datafield ind1=" " ind2=" " tag="310"><subfield code="a">Monthly,</subfield><subfield code="b">July 1983-June 1989</subfield></datafield><datafield ind1=" " ind2=" " tag="321"><subfield code="a">Monthly,</subfield><subfield code="b">&lt;Mar. 1981&gt;-July 1982</subfield></datafield><datafield ind1=" " ind2=" " tag="321"><subfield code="a">Bimonthly,</subfield><subfield code="b">Sept.-Oct. 1982-May-June 1983</subfield></datafield><datafield ind1="0" ind2=" " tag="362"><subfield code="a">-v. 15, no. 12 (June 1989).</subfield></datafield><datafield ind1=" " ind2=" " tag="500"><subfield code="a">Title varies slightly.</subfield></datafield><datafield ind1=" " ind2=" " tag="588"><subfield code="a">Description based on: Vol. 7, no. 9 (Mar. 1981).</subfield></datafield><datafield ind1=" " ind2="0" tag="651"><subfield code="a">Arkansas</subfield><subfield code="x">Officials and employees</subfield><subfield code="v">Newspapers.</subfield></datafield><datafield ind1=" " ind2="7" tag="655"><subfield code="a">Newspapers.</subfield><subfield code="2">fast</subfield><subfield code="0">(OCoLC)fst01423814</subfield></datafield><datafield ind1=" " ind2="7" tag="650"><subfield code="a">Employees.</subfield><subfield code="2">fast</subfield><subfield code="0">(OCoLC)fst00909111</subfield></datafield><datafield ind1=" " ind2="7" tag="651"><subfield code="a">Arkansas.</subfield><subfield code="2">fast</subfield><subfield code="0">(OCoLC)fst01204809</subfield></datafield><datafield ind1="2" ind2=" " tag="710"><subfield code="a">Arkansas State Employees Association.</subfield></datafield><datafield ind1=" " ind2=" " tag="752"><subfield code="a">United States</subfield><subfield code="b">Arkansas</subfield><subfield code="c">Pulaski</subfield><subfield code="d">Little Rock.</subfield></datafield><datafield ind1="0" ind2="0" tag="780"><subfield code="t">A.S.E.A. news</subfield><subfield code="w">(OCoLC)8556647</subfield></datafield><datafield ind1="0" ind2="0" tag="785"><subfield code="t">A.S.E.A. news (Little Rock, Ark. : 1989)</subfield><subfield code="x">1045-7380</subfield><subfield code="w">(DLC)sn 89003359</subfield></datafield></record>